/home/bolster/Documents/MendeleyBibs/Documents-Thesis.bib