/home/bolster/Documents/MendeleyBibs/library.bib