/home/bolster/Dropbox/Documents/MendeleyBibs/Documents-Thesis.bib