/home/bolster/Dropbox/Documents/MendeleyBibs/Documents-PDW 15 Poster.bib