/home/bolster/Dropbox/Documents/MendeleyBibs/Documents-AAMAS16.bib