/home/bolster/Dropbox/Documents/MendeleyBibs/Documents-PAP15.bib