/home/bolster/Dropbox/Documents/MendeleyBibs/Post Thesis.bib