/home/bolster/src/thesis/Thesis.bib