/home/bolster/Dropbox/Documents/MendeleyBibs/Documents-TrustCom15.bib